@book{reingold1977combinatorial,
  title={Combinatorial algorithms: theory and practice},
  author={Reingold, Edward M and Nievergelt, Jurg and Deo, Narsingh},
  year={1977},
  publisher={Prentice Hall College Div}
}


@article{karp1982turing,
  title={Turing machines that take advice},
  author={Karp, Richard},
  journal={Enseign. Math.},
  volume={28},
  pages={191--209},
  year={1982}
}
